@article{BorchersB:CSDCls,
title = {{CSDP}, a {C} library for semidefinite programming},
author = {B. Borchers},
journal = {Optimization Methods \& Software},
volume = {11-2},
number = {1-4},
pages = {613 -- 623},
year = {1999},
}

@article{HelmbergC:Anims,
title = "An interior-point method for semidefinite programming",
author = "C. Helmberg and F. Rendl and R. J. Vanderbei and H. Wolkowicz",
journal = "{SIAM} Journal on Optimization",
volume = "6",
number = "2",
pages = "342 -- 361",
month = "May",
year = "1996",
}

@article{SturmJF:UsiS1M,
title = "Using {S}e{D}u{M}i 1.02, a {MATLAB} toolbox for optimization over symmetric
cones",
author = {J. F. Sturm},
journal = {Optimization Methods \& Software},
volume = {11-2},
number = {1-4},
pages = {625 -- 653},
year = {1999},
}

@article{MittelmannHD:AnibS,
title = "An independent benchmarking of {SDP} and {SOCP} solvers",
author = "H. D. Mittelmann",
journal = {Mathematical Programming},
volume = {95},
number = {2},
pages = {407 -- 430},
month = {February},
year = {2003},
}

@techreport{SDPA,
	author="K. Fujisawa and M. Kojima and K. Nakata and M. Yamashita",
	title="{SDPA} (semidefinite programming algorithm) users manual - version 6.00",
	number="B--308",
	institution="Tokyo Institute of Technology",
	year="1995",
	notes="Revised July 2002"}

